<record><leader>00000cas a22000007a 4500</leader><controlfield tag="001">30482919</controlfield><controlfield tag="008">940523d186u187utxudr ne      0    0eng d</controlfield><datafield ind1=" " ind2=" " tag="010"><subfield code="a">sn 94059116 </subfield></datafield><datafield ind1=" " ind2=" " tag="040"><subfield code="a">PPM</subfield><subfield code="b">eng</subfield><subfield code="c">PPM</subfield><subfield code="d">OCLCQ</subfield></datafield><datafield ind1=" " ind2=" " tag="042"><subfield code="a">msc</subfield></datafield><datafield ind1="0" ind2="0" tag="245"><subfield code="a">Daily Houston telegraph.</subfield></datafield><datafield ind1=" " ind2=" " tag="260"><subfield code="a">Houston, Tex. :</subfield><subfield code="b">J.G. Tracy</subfield></datafield><datafield ind1=" " ind2=" " tag="300"><subfield code="a">v.</subfield></datafield><datafield ind1=" " ind2=" " tag="310"><subfield code="a">Daily</subfield></datafield><datafield ind1=" " ind2=" " tag="588"><subfield code="a">Description based on : vol. 34, no. 9 (Apr. 18, 1868).</subfield></datafield><datafield ind1=" " ind2=" " tag="752"><subfield code="a">United States</subfield><subfield code="b">Texas</subfield><subfield code="c">Harris</subfield><subfield code="d">Houston.</subfield></datafield><datafield ind1="0" ind2=" " tag="775"><subfield code="t">Evening telegraph (Houston, Tex.)</subfield><subfield code="w">(OCoLC)14509487</subfield></datafield><datafield ind1="0" ind2=" " tag="775"><subfield code="t">Tri-weekly telegraph (Houston, Tex.: 1866)</subfield><subfield code="w">(OCoLC)14708029</subfield></datafield><datafield ind1="0" ind2=" " tag="775"><subfield code="t">Houston tri-weekly telegraph (Houston, Tex.: 1870)</subfield><subfield code="w">(DLC)sn 94059119</subfield></datafield><datafield ind1="0" ind2=" " tag="775"><subfield code="t">Weekly telegraph (Houuston, Tex.)</subfield><subfield code="w">(OCoLC)12290688</subfield></datafield><datafield ind1="0" ind2="0" tag="780"><subfield code="t">Daily telegraph (Houston, Tex.: 1866)</subfield><subfield code="w">(DLC)sn 94059115</subfield></datafield><datafield ind1="0" ind2="0" tag="785"><subfield code="t">Daily telegraph (Houston, Tex.: 187u)</subfield><subfield code="w">(DLC)sn 94059117</subfield></datafield></record>